%YAML 1.1
%TAG !u! tag:unity3d.com,2011:
--- !u!29 &1
OcclusionCullingSettings:
  m_ObjectHideFlags: 0
  serializedVersion: 2
  m_OcclusionBakeSettings:
    smallestOccluder: 5
    smallestHole: 0.25
    backfaceThreshold: 100
  m_SceneGUID: 00000000000000000000000000000000
  m_OcclusionCullingData: {fileID: 0}
--- !u!104 &2
RenderSettings:
  m_ObjectHideFlags: 0
  serializedVersion: 8
  m_Fog: 0
  m_FogColor: {r: 0.5, g: 0.5, b: 0.5, a: 1}
  m_FogMode: 3
  m_FogDensity: 0.01
  m_LinearFogStart: 0
  m_LinearFogEnd: 300
  m_AmbientSkyColor: {r: 0.212, g: 0.227, b: 0.259, a: 1}
  m_AmbientEquatorColor: {r: 0.114, g: 0.125, b: 0.133, a: 1}
  m_AmbientGroundColor: {r: 0.047, g: 0.043, b: 0.035, a: 1}
  m_AmbientIntensity: 0.7
  m_AmbientMode: 0
  m_SubtractiveShadowColor: {r: 0.42, g: 0.478, b: 0.627, a: 1}
  m_SkyboxMaterial: {fileID: 10304, guid: 0000000000000000f000000000000000, type: 0}
  m_HaloStrength: 0.5
  m_FlareStrength: 1
  m_FlareFadeSpeed: 3
  m_HaloTexture: {fileID: 0}
  m_SpotCookie: {fileID: 10001, guid: 0000000000000000e000000000000000, type: 0}
  m_DefaultReflectionMode: 0
  m_DefaultReflectionResolution: 128
  m_ReflectionBounces: 1
  m_ReflectionIntensity: 0.658
  m_CustomReflection: {fileID: 0}
  m_Sun: {fileID: 1762573610}
  m_IndirectSpecularColor: {r: 0.36998847, g: 0.41061994, b: 0.46693033, a: 0.658}
--- !u!157 &3
LightmapSettings:
  m_ObjectHideFlags: 0
  serializedVersion: 11
  m_GIWorkflowMode: 1
  m_GISettings:
    serializedVersion: 2
    m_BounceScale: 1
    m_IndirectOutputScale: 1
    m_AlbedoBoost: 1
    m_TemporalCoherenceThreshold: 1
    m_EnvironmentLightingMode: 0
    m_EnableBakedLightmaps: 1
    m_EnableRealtimeLightmaps: 1
  m_LightmapEditorSettings:
    serializedVersion: 9
    m_Resolution: 2
    m_BakeResolution: 40
    m_TextureWidth: 1024
    m_TextureHeight: 1024
    m_AO: 0
    m_AOMaxDistance: 1
    m_CompAOExponent: 1
    m_CompAOExponentDirect: 0
    m_Padding: 2
    m_LightmapParameters: {fileID: 0}
    m_LightmapsBakeMode: 1
    m_TextureCompression: 1
    m_FinalGather: 0
    m_FinalGatherFiltering: 1
    m_FinalGatherRayCount: 256
    m_ReflectionCompression: 2
    m_MixedBakeMode: 2
    m_BakeBackend: 0
    m_PVRSampling: 1
    m_PVRDirectSampleCount: 32
    m_PVRSampleCount: 500
    m_PVRBounces: 2
    m_PVRFilterTypeDirect: 0
    m_PVRFilterTypeIndirect: 0
    m_PVRFilterTypeAO: 0
    m_PVRFilteringMode: 1
    m_PVRCulling: 1
    m_PVRFilteringGaussRadiusDirect: 1
    m_PVRFilteringGaussRadiusIndirect: 5
    m_PVRFilteringGaussRadiusAO: 2
    m_PVRFilteringAtrousPositionSigmaDirect: 0.5
    m_PVRFilteringAtrousPositionSigmaIndirect: 2
    m_PVRFilteringAtrousPositionSigmaAO: 1
    m_ShowResolutionOverlay: 1
  m_LightingDataAsset: {fileID: 112000002, guid: 14c92153735eca04380fa1bc8ba7aa48,
    type: 2}
  m_UseShadowmask: 1
--- !u!196 &4
NavMeshSettings:
  serializedVersion: 2
  m_ObjectHideFlags: 0
  m_BuildSettings:
    serializedVersion: 2
    agentTypeID: 0
    agentRadius: 0.5
    agentHeight: 2
    agentSlope: 45
    agentClimb: 0.4
    ledgeDropHeight: 0
    maxJumpAcrossDistance: 0
    minRegionArea: 2
    manualCellSize: 0
    cellSize: 0.16666667
    manualTileSize: 0
    tileSize: 256
    accuratePlacement: 0
    debug:
      m_Flags: 0
  m_NavMeshData: {fileID: 0}
--- !u!4 &73074517 stripped
Transform:
  m_PrefabParentObject: {fileID: 4212835736716226, guid: ec8f39bb5242a1c4e932b8acfcef0fde,
    type: 2}
  m_PrefabInternal: {fileID: 964785518}
--- !u!4 &287943881 stripped
Transform:
  m_PrefabParentObject: {fileID: 4212835736716226, guid: ec8f39bb5242a1c4e932b8acfcef0fde,
    type: 2}
  m_PrefabInternal: {fileID: 482567852}
--- !u!1001 &322084442
Prefab:
  m_ObjectHideFlags: 0
  serializedVersion: 2
  m_Modification:
    m_TransformParent: {fileID: 521238512}
    m_Modifications:
    - target: {fileID: 4212835736716226, guid: ec8f39bb5242a1c4e932b8acfcef0fde, type: 2}
      propertyPath: m_LocalPosition.x
      value: 22.48
      objectReference: {fileID: 0}
    - target: {fileID: 4212835736716226, guid: ec8f39bb5242a1c4e932b8acfcef0fde, type: 2}
      propertyPath: m_LocalPosition.y
      value: 0.27
      objectReference: {fileID: 0}
    - target: {fileID: 4212835736716226, guid: ec8f39bb5242a1c4e932b8acfcef0fde, type: 2}
      propertyPath: m_LocalPosition.z
      value: 0
      objectReference: {fileID: 0}
    - target: {fileID: 4212835736716226, guid: ec8f39bb5242a1c4e932b8acfcef0fde, type: 2}
      propertyPath: m_LocalRotation.x
      value: 0.068628654
      objectReference: {fileID: 0}
    - target: {fileID: 4212835736716226, guid: ec8f39bb5242a1c4e932b8acfcef0fde, type: 2}
      propertyPath: m_LocalRotation.y
      value: -0.06873357
      objectReference: {fileID: 0}
    - target: {fileID: 4212835736716226, guid: ec8f39bb5242a1c4e932b8acfcef0fde, type: 2}
      propertyPath: m_LocalRotation.z
      value: -0.7032256
      objectReference: {fileID: 0}
    - target: {fileID: 4212835736716226, guid: ec8f39bb5242a1c4e932b8acfcef0fde, type: 2}
      propertyPath: m_LocalRotation.w
      value: 0.70430076
      objectReference: {fileID: 0}
    - target: {fileID: 4212835736716226, guid: ec8f39bb5242a1c4e932b8acfcef0fde, type: 2}
      propertyPath: m_RootOrder
      value: 10
      objectReference: {fileID: 0}
    - target: {fileID: 4212835736716226, guid: ec8f39bb5242a1c4e932b8acfcef0fde, type: 2}
      propertyPath: m_LocalScale.x
      value: 7.160888
      objectReference: {fileID: 0}
    - target: {fileID: 4212835736716226, guid: ec8f39bb5242a1c4e932b8acfcef0fde, type: 2}
      propertyPath: m_LocalScale.y
      value: 17.7176
      objectReference: {fileID: 0}
    - target: {fileID: 1672706111354268, guid: ec8f39bb5242a1c4e932b8acfcef0fde, type: 2}
      propertyPath: m_Name
      value: Hazard (10)
      objectReference: {fileID: 0}
    - target: {fileID: 4212835736716226, guid: ec8f39bb5242a1c4e932b8acfcef0fde, type: 2}
      propertyPath: m_LocalEulerAnglesHint.z
      value: -89.912
      objectReference: {fileID: 0}
    - target: {fileID: 4212835736716226, guid: ec8f39bb5242a1c4e932b8acfcef0fde, type: 2}
      propertyPath: m_LocalScale.z
      value: 5.4832697
      objectReference: {fileID: 0}
    - target: {fileID: 4212835736716226, guid: ec8f39bb5242a1c4e932b8acfcef0fde, type: 2}
      propertyPath: m_LocalEulerAnglesHint.y
      value: -11.148001
      objectReference: {fileID: 0}
    m_RemovedComponents: []
  m_ParentPrefab: {fileID: 100100000, guid: ec8f39bb5242a1c4e932b8acfcef0fde, type: 2}
  m_IsPrefabParent: 0
--- !u!1001 &482567852
Prefab:
  m_ObjectHideFlags: 0
  serializedVersion: 2
  m_Modification:
    m_TransformParent: {fileID: 521238512}
    m_Modifications:
    - target: {fileID: 4212835736716226, guid: ec8f39bb5242a1c4e932b8acfcef0fde, type: 2}
      propertyPath: m_LocalPosition.x
      value: 13.1
      objectReference: {fileID: 0}
    - target: {fileID: 4212835736716226, guid: ec8f39bb5242a1c4e932b8acfcef0fde, type: 2}
      propertyPath: m_LocalPosition.y
      value: 2.1
      objectReference: {fileID: 0}
    - target: {fileID: 4212835736716226, guid: ec8f39bb5242a1c4e932b8acfcef0fde, type: 2}
      propertyPath: m_LocalPosition.z
      value: 0
      objectReference: {fileID: 0}
    - target: {fileID: 4212835736716226, guid: ec8f39bb5242a1c4e932b8acfcef0fde, type: 2}
      propertyPath: m_LocalRotation.x
      value: 0.18213108
      objectReference: {fileID: 0}
    - target: {fileID: 4212835736716226, guid: ec8f39bb5242a1c4e932b8acfcef0fde, type: 2}
      propertyPath: m_LocalRotation.y
      value: 0.042757485
      objectReference: {fileID: 0}
    - target: {fileID: 4212835736716226, guid: ec8f39bb5242a1c4e932b8acfcef0fde, type: 2}
      propertyPath: m_LocalRotation.z
      value: -0.2245135
      objectReference: {fileID: 0}
    - target: {fileID: 4212835736716226, guid: ec8f39bb5242a1c4e932b8acfcef0fde, type: 2}
      propertyPath: m_LocalRotation.w
      value: 0.95634395
      objectReference: {fileID: 0}
    - target: {fileID: 4212835736716226, guid: ec8f39bb5242a1c4e932b8acfcef0fde, type: 2}
      propertyPath: m_RootOrder
      value: 3
      objectReference: {fileID: 0}
    - target: {fileID: 4212835736716226, guid: ec8f39bb5242a1c4e932b8acfcef0fde, type: 2}
      propertyPath: m_LocalScale.x
      value: 2.3557398
      objectReference: {fileID: 0}
    - target: {fileID: 4212835736716226, guid: ec8f39bb5242a1c4e932b8acfcef0fde, type: 2}
      propertyPath: m_LocalScale.y
      value: 8.90221
      objectReference: {fileID: 0}
    - target: {fileID: 1672706111354268, guid: ec8f39bb5242a1c4e932b8acfcef0fde, type: 2}
      propertyPath: m_Name
      value: Hazard (3)
      objectReference: {fileID: 0}
    - target: {fileID: 4212835736716226, guid: ec8f39bb5242a1c4e932b8acfcef0fde, type: 2}
      propertyPath: m_LocalEulerAnglesHint.z
      value: -26.423
      objectReference: {fileID: 0}
    - target: {fileID: 4212835736716226, guid: ec8f39bb5242a1c4e932b8acfcef0fde, type: 2}
      propertyPath: m_LocalScale.z
      value: 5.4832697
      objectReference: {fileID: 0}
    - target: {fileID: 4212835736716226, guid: ec8f39bb5242a1c4e932b8acfcef0fde, type: 2}
      propertyPath: m_LocalEulerAnglesHint.x
      value: 21.565
      objectReference: {fileID: 0}
    m_RemovedComponents: []
  m_ParentPrefab: {fileID: 100100000, guid: ec8f39bb5242a1c4e932b8acfcef0fde, type: 2}
  m_IsPrefabParent: 0
--- !u!1 &521238511
GameObject:
  m_ObjectHideFlags: 0
  m_PrefabParentObject: {fileID: 0}
  m_PrefabInternal: {fileID: 0}
  serializedVersion: 5
  m_Component:
  - component: {fileID: 521238512}
  m_Layer: 0
  m_Name: Terrain Obstacles
  m_TagString: Untagged
  m_Icon: {fileID: 0}
  m_NavMeshLayer: 0
  m_StaticEditorFlags: 0
  m_IsActive: 1
--- !u!4 &521238512
Transform:
  m_ObjectHideFlags: 0
  m_PrefabParentObject: {fileID: 0}
  m_PrefabInternal: {fileID: 0}
  m_GameObject: {fileID: 521238511}
  m_LocalRotation: {x: 0, y: 0, z: 0, w: 1}
  m_LocalPosition: {x: 0, y: 0, z: 0}
  m_LocalScale: {x: 1, y: 1, z: 1}
  m_Children:
  - {fileID: 1640106674}
  - {fileID: 1016192611}
  - {fileID: 1091311033}
  - {fileID: 287943881}
  - {fileID: 1274794111}
  - {fileID: 1135294281}
  - {fileID: 810355335}
  - {fileID: 624296090}
  - {fileID: 887680816}
  - {fileID: 1076262522}
  - {fileID: 1934861919}
  - {fileID: 73074517}
  - {fileID: 1340973659}
  m_Father: {fileID: 0}
  m_RootOrder: 7
  m_LocalEulerAnglesHint: {x: 0, y: 0, z: 0}
--- !u!1001 &538179428
Prefab:
  m_ObjectHideFlags: 0
  serializedVersion: 2
  m_Modification:
    m_TransformParent: {fileID: 521238512}
    m_Modifications:
    - target: {fileID: 4212835736716226, guid: ec8f39bb5242a1c4e932b8acfcef0fde, type: 2}
      propertyPath: m_LocalPosition.x
      value: -9.09
      objectReference: {fileID: 0}
    - target: {fileID: 4212835736716226, guid: ec8f39bb5242a1c4e932b8acfcef0fde, type: 2}
      propertyPath: m_LocalPosition.y
      value: 21.09
      objectReference: {fileID: 0}
    - target: {fileID: 4212835736716226, guid: ec8f39bb5242a1c4e932b8acfcef0fde, type: 2}
      propertyPath: m_LocalPosition.z
      value: 0
      objectReference: {fileID: 0}
    - target: {fileID: 4212835736716226, guid: ec8f39bb5242a1c4e932b8acfcef0fde, type: 2}
      propertyPath: m_LocalRotation.x
      value: 0.06567845
      objectReference: {fileID: 0}
    - target: {fileID: 4212835736716226, guid: ec8f39bb5242a1c4e932b8acfcef0fde, type: 2}
      propertyPath: m_LocalRotation.y
      value: -0.051947553
      objectReference: {fileID: 0}
    - target: {fileID: 4212835736716226, guid: ec8f39bb5242a1c4e932b8acfcef0fde, type: 2}
      propertyPath: m_LocalRotation.z
      value: -0.61683124
      objectReference: {fileID: 0}
    - target: {fileID: 4212835736716226, guid: ec8f39bb5242a1c4e932b8acfcef0fde, type: 2}
      propertyPath: m_LocalRotation.w
      value: 0.7826283
      objectReference: {fileID: 0}
    - target: {fileID: 4212835736716226, guid: ec8f39bb5242a1c4e932b8acfcef0fde, type: 2}
      propertyPath: m_RootOrder
      value: 9
      objectReference: {fileID: 0}
    - target: {fileID: 4212835736716226, guid: ec8f39bb5242a1c4e932b8acfcef0fde, type: 2}
      propertyPath: m_LocalScale.x
      value: 1.5192152
      objectReference: {fileID: 0}
    - target: {fileID: 4212835736716226, guid: ec8f39bb5242a1c4e932b8acfcef0fde, type: 2}
      propertyPath: m_LocalScale.y
      value: 21.125168
      objectReference: {fileID: 0}
    - target: {fileID: 1672706111354268, guid: ec8f39bb5242a1c4e932b8acfcef0fde, type: 2}
      propertyPath: m_Name
      value: Hazard (9)
      objectReference: {fileID: 0}
    - target: {fileID: 4212835736716226, guid: ec8f39bb5242a1c4e932b8acfcef0fde, type: 2}
      propertyPath: m_LocalEulerAnglesHint.z
      value: -76.66901
      objectReference: {fileID: 0}
    - target: {fileID: 4212835736716226, guid: ec8f39bb5242a1c4e932b8acfcef0fde, type: 2}
      propertyPath: m_LocalScale.z
      value: 5.4832697
      objectReference: {fileID: 0}
    - target: {fileID: 4212835736716226, guid: ec8f39bb5242a1c4e932b8acfcef0fde, type: 2}
      propertyPath: m_LocalEulerAnglesHint.x
      value: 2.219
      objectReference: {fileID: 0}
    - target: {fileID: 4212835736716226, guid: ec8f39bb5242a1c4e932b8acfcef0fde, type: 2}
      propertyPath: m_LocalEulerAnglesHint.y
      value: -9.35
      objectReference: {fileID: 0}
    m_RemovedComponents: []
  m_ParentPrefab: {fileID: 100100000, guid: ec8f39bb5242a1c4e932b8acfcef0fde, type: 2}
  m_IsPrefabParent: 0
--- !u!1001 &578544488
Prefab:
  m_ObjectHideFlags: 0
  serializedVersion: 2
  m_Modification:
    m_TransformParent: {fileID: 521238512}
    m_Modifications:
    - target: {fileID: 4212835736716226, guid: ec8f39bb5242a1c4e932b8acfcef0fde, type: 2}
      propertyPath: m_LocalPosition.x
      value: 32.73
      objectReference: {fileID: 0}
    - target: {fileID: 4212835736716226, guid: ec8f39bb5242a1c4e932b8acfcef0fde, type: 2}
      propertyPath: m_LocalPosition.y
      value: 4.94
      objectReference: {fileID: 0}
    - target: {fileID: 4212835736716226, guid: ec8f39bb5242a1c4e932b8acfcef0fde, type: 2}
      propertyPath: m_LocalPosition.z
      value: 0
      objectReference: {fileID: 0}
    - target: {fileID: 4212835736716226, guid: ec8f39bb5242a1c4e932b8acfcef0fde, type: 2}
      propertyPath: m_LocalRotation.x
      value: -0
      objectReference: {fileID: 0}
    - target: {fileID: 4212835736716226, guid: ec8f39bb5242a1c4e932b8acfcef0fde, type: 2}
      propertyPath: m_LocalRotation.y
      value: -0
      objectReference: {fileID: 0}
    - target: {fileID: 4212835736716226, guid: ec8f39bb5242a1c4e932b8acfcef0fde, type: 2}
      propertyPath: m_LocalRotation.z
      value: -0.082522035
      objectReference: {fileID: 0}
    - target: {fileID: 4212835736716226, guid: ec8f39bb5242a1c4e932b8acfcef0fde, type: 2}
      propertyPath: m_LocalRotation.w
      value: 0.99658924
      objectReference: {fileID: 0}
    - target: {fileID: 4212835736716226, guid: ec8f39bb5242a1c4e932b8acfcef0fde, type: 2}
      propertyPath: m_RootOrder
      value: 2
      objectReference: {fileID: 0}
    - target: {fileID: 4212835736716226, guid: ec8f39bb5242a1c4e932b8acfcef0fde, type: 2}
      propertyPath: m_LocalScale.x
      value: 2.3557386
      objectReference: {fileID: 0}
    - target: {fileID: 4212835736716226, guid: ec8f39bb5242a1c4e932b8acfcef0fde, type: 2}
      propertyPath: m_LocalScale.y
      value: 40.753494
      objectReference: {fileID: 0}
    - target: {fileID: 1672706111354268, guid: ec8f39bb5242a1c4e932b8acfcef0fde, type: 2}
      propertyPath: m_Name
      value: Hazard (2)
      objectReference: {fileID: 0}
    - target: {fileID: 4212835736716226, guid: ec8f39bb5242a1c4e932b8acfcef0fde, type: 2}
      propertyPath: m_LocalEulerAnglesHint.z
      value: -9.467
      objectReference: {fileID: 0}
    m_RemovedComponents: []
  m_ParentPrefab: {fileID: 100100000, guid: ec8f39bb5242a1c4e932b8acfcef0fde, type: 2}
  m_IsPrefabParent: 0
--- !u!1001 &622243765
Prefab:
  m_ObjectHideFlags: 0
  serializedVersion: 2
  m_Modification:
    m_TransformParent: {fileID: 0}
    m_Modifications:
    - target: {fileID: 224412389383006864, guid: a255aa8d3d6fa6345be815c9ca1ae891,
        type: 2}
      propertyPath: m_LocalPosition.x
      value: 0
      objectReference: {fileID: 0}
    - target: {fileID: 224412389383006864, guid: a255aa8d3d6fa6345be815c9ca1ae891,
        type: 2}
      propertyPath: m_LocalPosition.y
      value: 0
      objectReference: {fileID: 0}
    - target: {fileID: 224412389383006864, guid: a255aa8d3d6fa6345be815c9ca1ae891,
        type: 2}
      propertyPath: m_LocalPosition.z
      value: 0
      objectReference: {fileID: 0}
    - target: {fileID: 224412389383006864, guid: a255aa8d3d6fa6345be815c9ca1ae891,
        type: 2}
      propertyPath: m_LocalRotation.x
      value: 0
      objectReference: {fileID: 0}
    - target: {fileID: 224412389383006864, guid: a255aa8d3d6fa6345be815c9ca1ae891,
        type: 2}
      propertyPath: m_LocalRotation.y
      value: 0
      objectReference: {fileID: 0}
    - target: {fileID: 224412389383006864, guid: a255aa8d3d6fa6345be815c9ca1ae891,
        type: 2}
      propertyPath: m_LocalRotation.z
      value: 0
      objectReference: {fileID: 0}
    - target: {fileID: 224412389383006864, guid: a255aa8d3d6fa6345be815c9ca1ae891,
        type: 2}
      propertyPath: m_LocalRotation.w
      value: 1
      objectReference: {fileID: 0}
    - target: {fileID: 224412389383006864, guid: a255aa8d3d6fa6345be815c9ca1ae891,
        type: 2}
      propertyPath: m_RootOrder
      value: 9
      objectReference: {fileID: 0}
    - target: {fileID: 224412389383006864, guid: a255aa8d3d6fa6345be815c9ca1ae891,
        type: 2}
      propertyPath: m_AnchoredPosition.x
      value: 0
      objectReference: {fileID: 0}
    - target: {fileID: 224412389383006864, guid: a255aa8d3d6fa6345be815c9ca1ae891,
        type: 2}
      propertyPath: m_AnchoredPosition.y
      value: 0
      objectReference: {fileID: 0}
    - target: {fileID: 224412389383006864, guid: a255aa8d3d6fa6345be815c9ca1ae891,
        type: 2}
      propertyPath: m_SizeDelta.x
      value: 0
      objectReference: {fileID: 0}
    - target: {fileID: 224412389383006864, guid: a255aa8d3d6fa6345be815c9ca1ae891,
        type: 2}
      propertyPath: m_SizeDelta.y
      value: 0
      objectReference: {fileID: 0}
    - target: {fileID: 224412389383006864, guid: a255aa8d3d6fa6345be815c9ca1ae891,
        type: 2}
      propertyPath: m_AnchorMin.x
      value: 0
      objectReference: {fileID: 0}
    - target: {fileID: 224412389383006864, guid: a255aa8d3d6fa6345be815c9ca1ae891,
        type: 2}
      propertyPath: m_AnchorMin.y
      value: 0
      objectReference: {fileID: 0}
    - target: {fileID: 224412389383006864, guid: a255aa8d3d6fa6345be815c9ca1ae891,
        type: 2}
      propertyPath: m_AnchorMax.x
      value: 0
      objectReference: {fileID: 0}
    - target: {fileID: 224412389383006864, guid: a255aa8d3d6fa6345be815c9ca1ae891,
        type: 2}
      propertyPath: m_AnchorMax.y
      value: 0
      objectReference: {fileID: 0}
    - target: {fileID: 224412389383006864, guid: a255aa8d3d6fa6345be815c9ca1ae891,
        type: 2}
      propertyPath: m_Pivot.x
      value: 0
      objectReference: {fileID: 0}
    - target: {fileID: 224412389383006864, guid: a255aa8d3d6fa6345be815c9ca1ae891,
        type: 2}
      propertyPath: m_Pivot.y
      value: 0
      objectReference: {fileID: 0}
    m_RemovedComponents: []
  m_ParentPrefab: {fileID: 100100000, guid: a255aa8d3d6fa6345be815c9ca1ae891, type: 2}
  m_IsPrefabParent: 0
--- !u!4 &624296090 stripped
Transform:
  m_PrefabParentObject: {fileID: 4212835736716226, guid: ec8f39bb5242a1c4e932b8acfcef0fde,
    type: 2}
  m_PrefabInternal: {fileID: 1596285945}
--- !u!114 &630943714 stripped
MonoBehaviour:
  m_PrefabParentObject: {fileID: 114950509354993140, guid: a255aa8d3d6fa6345be815c9ca1ae891,
    type: 2}
  m_PrefabInternal: {fileID: 622243765}
  m_Script: {fileID: 708705254, guid: f70555f144d8491a825f0804e09c671c, type: 3}
--- !u!1001 &668086670
Prefab:
  m_ObjectHideFlags: 0
  serializedVersion: 2
  m_Modification:
    m_TransformParent: {fileID: 521238512}
    m_Modifications:
    - target: {fileID: 4212835736716226, guid: ec8f39bb5242a1c4e932b8acfcef0fde, type: 2}
      propertyPath: m_LocalPosition.x
      value: 3.04
      objectReference: {fileID: 0}
    - target: {fileID: 4212835736716226, guid: ec8f39bb5242a1c4e932b8acfcef0fde, type: 2}
      propertyPath: m_LocalPosition.y
      value: 19.09
      objectReference: {fileID: 0}
    - target: {fileID: 4212835736716226, guid: ec8f39bb5242a1c4e932b8acfcef0fde, type: 2}
      propertyPath: m_LocalPosition.z
      value: 0
      objectReference: {fileID: 0}
    - target: {fileID: 4212835736716226, guid: ec8f39bb5242a1c4e932b8acfcef0fde, type: 2}
      propertyPath: m_LocalRotation.x
      value: 0.11864023
      objectReference: {fileID: 0}
    - target: {fileID: 4212835736716226, guid: ec8f39bb5242a1c4e932b8acfcef0fde, type: 2}
      propertyPath: m_LocalRotation.y
      value: 0.00020251035
      objectReference: {fileID: 0}
    - target: {fileID: 4212835736716226, guid: ec8f39bb5242a1c4e932b8acfcef0fde, type: 2}
      propertyPath: m_LocalRotation.z
      value: -0.0016792937
      objectReference: {fileID: 0}
    - target: {fileID: 4212835736716226, guid: ec8f39bb5242a1c4e932b8acfcef0fde, type: 2}
      propertyPath: m_LocalRotation.w
      value: 0.9929359
      objectReference: {fileID: 0}
    - target: {fileID: 4212835736716226, guid: ec8f39bb5242a1c4e932b8acfcef0fde, type: 2}
      propertyPath: m_RootOrder
      value: 1
      objectReference: {fileID: 0}
    - target: {fileID: 4212835736716226, guid: ec8f39bb5242a1c4e932b8acfcef0fde, type: 2}
      propertyPath: m_LocalScale.x
      value: 2.3557386
      objectReference: {fileID: 0}
    - target: {fileID: 4212835736716226, guid: ec8f39bb5242a1c4e932b8acfcef0fde, type: 2}
      propertyPath: m_LocalScale.y
      value: 8.902212
      objectReference: {fileID: 0}
    - target: {fileID: 1672706111354268, guid: ec8f39bb5242a1c4e932b8acfcef0fde, type: 2}
      propertyPath: m_Name
      value: Hazard (1)
      objectReference: {fileID: 0}
    - target: {fileID: 4212835736716226, guid: ec8f39bb5242a1c4e932b8acfcef0fde, type: 2}
      propertyPath: m_LocalEulerAnglesHint.z
      value: -0.194
      objectReference: {fileID: 0}
    - target: {fileID: 4212835736716226, guid: ec8f39bb5242a1c4e932b8acfcef0fde, type: 2}
      propertyPath: m_LocalEulerAnglesHint.x
      value: 13.627001
      objectReference: {fileID: 0}
    m_RemovedComponents: []
  m_ParentPrefab: {fileID: 100100000, guid: ec8f39bb5242a1c4e932b8acfcef0fde, type: 2}
  m_IsPrefabParent: 0
--- !u!1001 &681624540
Prefab:
  m_ObjectHideFlags: 0
  serializedVersion: 2
  m_Modification:
    m_TransformParent: {fileID: 0}
    m_Modifications:
    - target: {fileID: 4589964541197246, guid: afdfaac1506260d488677efe3274aef3, type: 2}
      propertyPath: m_LocalPosition.x
      value: -24.31
      objectReference: {fileID: 0}
    - target: {fileID: 4589964541197246, guid: afdfaac1506260d488677efe3274aef3, type: 2}
      propertyPath: m_LocalPosition.y
      value: 6.93
      objectReference: {fileID: 0}
    - target: {fileID: 4589964541197246, guid: afdfaac1506260d488677efe3274aef3, type: 2}
      propertyPath: m_LocalPosition.z
      value: -0.22973919
      objectReference: {fileID: 0}
    - target: {fileID: 4589964541197246, guid: afdfaac1506260d488677efe3274aef3, type: 2}
      propertyPath: m_LocalRotation.x
      value: 0
      objectReference: {fileID: 0}
    - target: {fileID: 4589964541197246, guid: afdfaac1506260d488677efe3274aef3, type: 2}
      propertyPath: m_LocalRotation.y
      value: 0
      objectReference: {fileID: 0}
    - target: {fileID: 4589964541197246, guid: afdfaac1506260d488677efe3274aef3, type: 2}
      propertyPath: m_LocalRotation.z
      value: 0
      objectReference: {fileID: 0}
    - target: {fileID: 4589964541197246, guid: afdfaac1506260d488677efe3274aef3, type: 2}
      propertyPath: m_LocalRotation.w
      value: 1
      objectReference: {fileID: 0}
    - target: {fileID: 4589964541197246, guid: afdfaac1506260d488677efe3274aef3, type: 2}
      propertyPath: m_RootOrder
      value: 4
      objectReference: {fileID: 0}
    - target: {fileID: 4589964541197246, guid: afdfaac1506260d488677efe3274aef3, type: 2}
      propertyPath: m_LocalEulerAnglesHint.x
      value: 0
      objectReference: {fileID: 0}
    - target: {fileID: 4589964541197246, guid: afdfaac1506260d488677efe3274aef3, type: 2}
      propertyPath: m_LocalEulerAnglesHint.y
      value: 0
      objectReference: {fileID: 0}
    - target: {fileID: 4589964541197246, guid: afdfaac1506260d488677efe3274aef3, type: 2}
      propertyPath: m_LocalEulerAnglesHint.z
      value: 0
      objectReference: {fileID: 0}
    - target: {fileID: 198611417442332910, guid: afdfaac1506260d488677efe3274aef3,
        type: 2}
      propertyPath: randomSeed
      value: -1493333729
      objectReference: {fileID: 0}
    - target: {fileID: 198611417442332910, guid: afdfaac1506260d488677efe3274aef3,
        type: 2}
      propertyPath: VelocityModule.enabled
      value: 0
      objectReference: {fileID: 0}
    - target: {fileID: 198611417442332910, guid: afdfaac1506260d488677efe3274aef3,
        type: 2}
      propertyPath: VelocityModule.x.scalar
      value: 0
      objectReference: {fileID: 0}
    - target: {fileID: 198611417442332910, guid: afdfaac1506260d488677efe3274aef3,
        type: 2}
      propertyPath: VelocityModule.y.scalar
      value: 0
      objectReference: {fileID: 0}
    - target: {fileID: 114101110039716610, guid: afdfaac1506260d488677efe3274aef3,
        type: 2}
      propertyPath: livesTextBox
      value: 
      objectReference: {fileID: 1580527792}
    - target: {fileID: 114101110039716610, guid: afdfaac1506260d488677efe3274aef3,
        type: 2}
      propertyPath: fuelSystemActivated
      value: 0
      objectReference: {fileID: 0}
    - target: {fileID: 114101110039716610, guid: afdfaac1506260d488677efe3274aef3,
        type: 2}
      propertyPath: fuelTextBox
      value: 
      objectReference: {fileID: 630943714}
    - target: {fileID: 114101110039716610, guid: afdfaac1506260d488677efe3274aef3,
        type: 2}
      propertyPath: fuelLossRate
      value: 10
      objectReference: {fileID: 0}
    m_RemovedComponents: []
  m_ParentPrefab: {fileID: 100100000, guid: afdfaac1506260d488677efe3274aef3, type: 2}
  m_IsPrefabParent: 0
--- !u!1001 &730501781
Prefab:
  m_ObjectHideFlags: 0
  serializedVersion: 2
  m_Modification:
    m_TransformParent: {fileID: 0}
    m_Modifications:
    - target: {fileID: 4803798767773470, guid: e6b2d64ac3cd8f2428df86df29944dab, type: 2}
      propertyPath: m_LocalPosition.x
      value: 2.0687625
      objectReference: {fileID: 0}
    - target: {fileID: 4803798767773470, guid: e6b2d64ac3cd8f2428df86df29944dab, type: 2}
      propertyPath: m_LocalPosition.y
      value: 6.821101
      objectReference: {fileID: 0}
    - target: {fileID: 4803798767773470, guid: e6b2d64ac3cd8f2428df86df29944dab, type: 2}
      propertyPath: m_LocalPosition.z
      value: 8.25
      objectReference: {fileID: 0}
    - target: {fileID: 4803798767773470, guid: e6b2d64ac3cd8f2428df86df29944dab, type: 2}
      propertyPath: m_LocalRotation.x
      value: 0
      objectReference: {fileID: 0}
    - target: {fileID: 4803798767773470, guid: e6b2d64ac3cd8f2428df86df29944dab, type: 2}
      propertyPath: m_LocalRotation.y
      value: 0
      objectReference: {fileID: 0}
    - target: {fileID: 4803798767773470, guid: e6b2d64ac3cd8f2428df86df29944dab, type: 2}
      propertyPath: m_LocalRotation.z
      value: 0
      objectReference: {fileID: 0}
    - target: {fileID: 4803798767773470, guid: e6b2d64ac3cd8f2428df86df29944dab, type: 2}
      propertyPath: m_LocalRotation.w
      value: 1
      objectReference: {fileID: 0}
    - target: {fileID: 4803798767773470, guid: e6b2d64ac3cd8f2428df86df29944dab, type: 2}
      propertyPath: m_RootOrder
      value: 6
      objectReference: {fileID: 0}
    - target: {fileID: 4803798767773470, guid: e6b2d64ac3cd8f2428df86df29944dab, type: 2}
      propertyPath: m_LocalScale.x
      value: 278.87515
      objectReference: {fileID: 0}
    - target: {fileID: 4803798767773470, guid: e6b2d64ac3cd8f2428df86df29944dab, type: 2}
      propertyPath: m_LocalScale.y
      value: 124.50085
      objectReference: {fileID: 0}
    m_RemovedComponents: []
  m_ParentPrefab: {fileID: 100100000, guid: e6b2d64ac3cd8f2428df86df29944dab, type: 2}
  m_IsPrefabParent: 0
--- !u!1 &757080351
GameObject:
  m_ObjectHideFlags: 0
  m_PrefabParentObject: {fileID: 0}
  m_PrefabInternal: {fileID: 0}
  serializedVersion: 5
  m_Component:
  - component: {fileID: 757080354}
  - component: {fileID: 757080353}
  - component: {fileID: 757080352}
  m_Layer: 0
  m_Name: EventSystem
  m_TagString: Untagged
  m_Icon: {fileID: 0}
  m_NavMeshLayer: 0
  m_StaticEditorFlags: 0
  m_IsActive: 1
--- !u!114 &757080352
MonoBehaviour:
  m_ObjectHideFlags: 0
  m_PrefabParentObject: {fileID: 0}
  m_PrefabInternal: {fileID: 0}
  m_GameObject: {fileID: 757080351}
  m_Enabled: 1
  m_EditorHideFlags: 0
  m_Script: {fileID: 1077351063, guid: f70555f144d8491a825f0804e09c671c, type: 3}
  m_Name: 
  m_EditorClassIdentifier: 
  m_HorizontalAxis: Horizontal
  m_VerticalAxis: Vertical
  m_SubmitButton: Submit
  m_CancelButton: Cancel
  m_InputActionsPerSecond: 10
  m_RepeatDelay: 0.5
  m_ForceModuleActive: 0
--- !u!114 &757080353
MonoBehaviour:
  m_ObjectHideFlags: 0
  m_PrefabParentObject: {fileID: 0}
  m_PrefabInternal: {fileID: 0}
  m_GameObject: {fileID: 757080351}
  m_Enabled: 1
  m_EditorHideFlags: 0
  m_Script: {fileID: -619905303, guid: f70555f144d8491a825f0804e09c671c, type: 3}
  m_Name: 
  m_EditorClassIdentifier: 
  m_FirstSelected: {fileID: 0}
  m_sendNavigationEvents: 1
  m_DragThreshold: 5
--- !u!4 &757080354
Transform:
  m_ObjectHideFlags: 0
  m_PrefabParentObject: {fileID: 0}
  m_PrefabInternal: {fileID: 0}
  m_GameObject: {fileID: 757080351}
  m_LocalRotation: {x: 0, y: 0, z: 0, w: 1}
  m_LocalPosition: {x: 0, y: 0, z: 0}
  m_LocalScale: {x: 1, y: 1, z: 1}
  m_Children: []
  m_Father: {fileID: 0}
  m_RootOrder: 10
  m_LocalEulerAnglesHint: {x: 0, y: 0, z: 0}
--- !u!4 &810355335 stripped
Transform:
  m_PrefabParentObject: {fileID: 4212835736716226, guid: ec8f39bb5242a1c4e932b8acfcef0fde,
    type: 2}
  m_PrefabInternal: {fileID: 1270570653}
--- !u!4 &887680816 stripped
Transform:
  m_PrefabParentObject: {fileID: 4212835736716226, guid: ec8f39bb5242a1c4e932b8acfcef0fde,
    type: 2}
  m_PrefabInternal: {fileID: 1963468491}
--- !u!1001 &964785518
Prefab:
  m_ObjectHideFlags: 0
  serializedVersion: 2
  m_Modification:
    m_TransformParent: {fileID: 521238512}
    m_Modifications:
    - target: {fileID: 4212835736716226, guid: ec8f39bb5242a1c4e932b8acfcef0fde, type: 2}
      propertyPath: m_LocalPosition.x
      value: 3.3
      objectReference: {fileID: 0}
    - target: {fileID: 4212835736716226, guid: ec8f39bb5242a1c4e932b8acfcef0fde, type: 2}
      propertyPath: m_LocalPosition.y
      value: 24.94
      objectReference: {fileID: 0}
    - target: {fileID: 4212835736716226, guid: ec8f39bb5242a1c4e932b8acfcef0fde, type: 2}
      propertyPath: m_LocalPosition.z
      value: 0
      objectReference: {fileID: 0}
    - target: {fileID: 4212835736716226, guid: ec8f39bb5242a1c4e932b8acfcef0fde, type: 2}
      propertyPath: m_LocalRotation.x
      value: 0.0058374163
      objectReference: {fileID: 0}
    - target: {fileID: 4212835736716226, guid: ec8f39bb5242a1c4e932b8acfcef0fde, type: 2}
      propertyPath: m_LocalRotation.y
      value: 0.0063556423
      objectReference: {fileID: 0}
    - target: {fileID: 4212835736716226, guid: ec8f39bb5242a1c4e932b8acfcef0fde, type: 2}
      propertyPath: m_LocalRotation.z
      value: 0.7070827
      objectReference: {fileID: 0}
    - target: {fileID: 4212835736716226, guid: ec8f39bb5242a1c4e932b8acfcef0fde, type: 2}
      propertyPath: m_LocalRotation.w
      value: 0.7070783
      objectReference: {fileID: 0}
    - target: {fileID: 4212835736716226, guid: ec8f39bb5242a1c4e932b8acfcef0fde, type: 2}
      propertyPath: m_RootOrder
      value: 11
      objectReference: {fileID: 0}
    - target: {fileID: 4212835736716226, guid: ec8f39bb5242a1c4e932b8acfcef0fde, type: 2}
      propertyPath: m_LocalScale.x
      value: 1.5192205
      objectReference: {fileID: 0}
    - target: {fileID: 4212835736716226, guid: ec8f39bb5242a1c4e932b8acfcef0fde, type: 2}
      propertyPath: m_LocalScale.y
      value: 68.402374
      objectReference: {fileID: 0}
    - target: {fileID: 1672706111354268, guid: ec8f39bb5242a1c4e932b8acfcef0fde, type: 2}
      propertyPath: m_Name
      value: Hazard (11)
      objectReference: {fileID: 0}
    - target: {fileID: 4212835736716226, guid: ec8f39bb5242a1c4e932b8acfcef0fde, type: 2}
      propertyPath: m_LocalEulerAnglesHint.z
      value: 90
      objectReference: {fileID: 0}
    - target: {fileID: 4212835736716226, guid: ec8f39bb5242a1c4e932b8acfcef0fde, type: 2}
      propertyPath: m_LocalScale.z
      value: 5.4832687
      objectReference: {fileID: 0}
    - target: {fileID: 4212835736716226, guid: ec8f39bb5242a1c4e932b8acfcef0fde, type: 2}
      propertyPath: m_LocalEulerAnglesHint.x
      value: -0.042000003
      objectReference: {fileID: 0}
    - target: {fileID: 4212835736716226, guid: ec8f39bb5242a1c4e932b8acfcef0fde, type: 2}
      propertyPath: m_LocalEulerAnglesHint.y
      value: 0.98800004
      objectReference: {fileID: 0}
    m_RemovedComponents: []
  m_ParentPrefab: {fileID: 100100000, guid: ec8f39bb5242a1c4e932b8acfcef0fde, type: 2}
  m_IsPrefabParent: 0
--- !u!4 &1016192611 stripped
Transform:
  m_PrefabParentObject: {fileID: 4212835736716226, guid: ec8f39bb5242a1c4e932b8acfcef0fde,
    type: 2}
  m_PrefabInternal: {fileID: 668086670}
--- !u!4 &1076262522 stripped
Transform:
  m_PrefabParentObject: {fileID: 4212835736716226, guid: ec8f39bb5242a1c4e932b8acfcef0fde,
    type: 2}
  m_PrefabInternal: {fileID: 538179428}
--- !u!4 &1091311033 stripped
Transform:
  m_PrefabParentObject: {fileID: 4212835736716226, guid: ec8f39bb5242a1c4e932b8acfcef0fde,
    type: 2}
  m_PrefabInternal: {fileID: 578544488}
--- !u!1001 &1134668093
Prefab:
  m_ObjectHideFlags: 0
  serializedVersion: 2
  m_Modification:
    m_TransformParent: {fileID: 0}
    m_Modifications:
    - target: {fileID: 4187208867589878, guid: d82e05f5ddd025041828fac50741ce3e, type: 2}
      propertyPath: m_LocalPosition.x
      value: 1.402759
      objectReference: {fileID: 0}
    - target: {fileID: 4187208867589878, guid: d82e05f5ddd025041828fac50741ce3e, type: 2}
      propertyPath: m_LocalPosition.y
      value: 16.182333
      objectReference: {fileID: 0}
    - target: {fileID: 4187208867589878, guid: d82e05f5ddd025041828fac50741ce3e, type: 2}
      propertyPath: m_LocalPosition.z
      value: -29.693874
      objectReference: {fileID: 0}
    - target: {fileID: 4187208867589878, guid: d82e05f5ddd025041828fac50741ce3e, type: 2}
      propertyPath: m_LocalRotation.x
      value: -0.12894858
      objectReference: {fileID: 0}
    - target: {fileID: 4187208867589878, guid: d82e05f5ddd025041828fac50741ce3e, type: 2}
      propertyPath: m_LocalRotation.y
      value: -0.009814305
      objectReference: {fileID: 0}
    - target: {fileID: 4187208867589878, guid: d82e05f5ddd025041828fac50741ce3e, type: 2}
      propertyPath: m_LocalRotation.z
      value: 0.0012766377
      objectReference: {fileID: 0}
    - target: {fileID: 4187208867589878, guid: d82e05f5ddd025041828fac50741ce3e, type: 2}
      propertyPath: m_LocalRotation.w
      value: -0.99160194
      objectReference: {fileID: 0}
    - target: {fileID: 4187208867589878, guid: d82e05f5ddd025041828fac50741ce3e, type: 2}
      propertyPath: m_RootOrder
      value: 0
      objectReference: {fileID: 0}
    m_RemovedComponents: []
  m_ParentPrefab: {fileID: 100100000, guid: d82e05f5ddd025041828fac50741ce3e, type: 2}
  m_IsPrefabParent: 0
--- !u!4 &1135294281 stripped
Transform:
  m_PrefabParentObject: {fileID: 4212835736716226, guid: ec8f39bb5242a1c4e932b8acfcef0fde,
    type: 2}
  m_PrefabInternal: {fileID: 1957439577}
--- !u!1001 &1270570653
Prefab:
  m_ObjectHideFlags: 0
  serializedVersion: 2
  m_Modification:
    m_TransformParent: {fileID: 521238512}
    m_Modifications:
    - target: {fileID: 4212835736716226, guid: ec8f39bb5242a1c4e932b8acfcef0fde, type: 2}
      propertyPath: m_LocalPosition.x
      value: 6.55
      objectReference: {fileID: 0}
    - target: {fileID: 4212835736716226, guid: ec8f39bb5242a1c4e932b8acfcef0fde, type: 2}
      propertyPath: m_LocalPosition.y
      value: -0.02
      objectReference: {fileID: 0}
    - target: {fileID: 4212835736716226, guid: ec8f39bb5242a1c4e932b8acfcef0fde, type: 2}
      propertyPath: m_LocalPosition.z
      value: 0
      objectReference: {fileID: 0}
    - target: {fileID: 4212835736716226, guid: ec8f39bb5242a1c4e932b8acfcef0fde, type: 2}
      propertyPath: m_LocalRotation.x
      value: 0.05366006
      objectReference: {fileID: 0}
    - target: {fileID: 4212835736716226, guid: ec8f39bb5242a1c4e932b8acfcef0fde, type: 2}
      propertyPath: m_LocalRotation.y
      value: 0.05987037
      objectReference: {fileID: 0}
    - target: {fileID: 4212835736716226, guid: ec8f39bb5242a1c4e932b8acfcef0fde, type: 2}
      propertyPath: m_LocalRotation.z
      value: 0.66526824
      objectReference: {fileID: 0}
    - target: {fileID: 4212835736716226, guid: ec8f39bb5242a1c4e932b8acfcef0fde, type: 2}
      propertyPath: m_LocalRotation.w
      value: 0.742263
      objectReference: {fileID: 0}
    - target: {fileID: 4212835736716226, guid: ec8f39bb5242a1c4e932b8acfcef0fde, type: 2}
      propertyPath: m_RootOrder
      value: 6
      objectReference: {fileID: 0}
    - target: {fileID: 4212835736716226, guid: ec8f39bb5242a1c4e932b8acfcef0fde, type: 2}
      propertyPath: m_LocalScale.x
      value: 4.436067
      objectReference: {fileID: 0}
    - target: {fileID: 4212835736716226, guid: ec8f39bb5242a1c4e932b8acfcef0fde, type: 2}
      propertyPath: m_LocalScale.y
      value: 13.894145
      objectReference: {fileID: 0}
    - target: {fileID: 1672706111354268, guid: ec8f39bb5242a1c4e932b8acfcef0fde, type: 2}
      propertyPath: m_Name
      value: Hazard (6)
      objectReference: {fileID: 0}
    - target: {fileID: 4212835736716226, guid: ec8f39bb5242a1c4e932b8acfcef0fde, type: 2}
      propertyPath: m_LocalEulerAnglesHint.z
      value: 83.73801
      objectReference: {fileID: 0}
    - target: {fileID: 4212835736716226, guid: ec8f39bb5242a1c4e932b8acfcef0fde, type: 2}
      propertyPath: m_LocalScale.z
      value: 5.4832697
      objectReference: {fileID: 0}
    - target: {fileID: 4212835736716226, guid: ec8f39bb5242a1c4e932b8acfcef0fde, type: 2}
      propertyPath: m_LocalEulerAnglesHint.y
      value: 9.223001
      objectReference: {fileID: 0}
    m_RemovedComponents: []
  m_ParentPrefab: {fileID: 100100000, guid: ec8f39bb5242a1c4e932b8acfcef0fde, type: 2}
  m_IsPrefabParent: 0
--- !u!4 &1274794111 stripped
Transform:
  m_PrefabParentObject: {fileID: 4212835736716226, guid: ec8f39bb5242a1c4e932b8acfcef0fde,
    type: 2}
  m_PrefabInternal: {fileID: 1348558132}
--- !u!1001 &1337154337
Prefab:
  m_ObjectHideFlags: 0
  serializedVersion: 2
  m_Modification:
    m_TransformParent: {fileID: 0}
    m_Modifications:
    - target: {fileID: 4740219042604084, guid: 240150b7f05bd8744927ac8cff4eac37, type: 2}
      propertyPath: m_LocalPosition.x
      value: 0
      objectReference: {fileID: 0}
    - target: {fileID: 4740219042604084, guid: 240150b7f05bd8744927ac8cff4eac37, type: 2}
      propertyPath: m_LocalPosition.y
      value: -15
      objectReference: {fileID: 0}
    - target: {fileID: 4740219042604084, guid: 240150b7f05bd8744927ac8cff4eac37, type: 2}
      propertyPath: m_LocalPosition.z
      value: 0
      objectReference: {fileID: 0}
    - target: {fileID: 4740219042604084, guid: 240150b7f05bd8744927ac8cff4eac37, type: 2}
      propertyPath: m_LocalRotation.x
      value: 0
      objectReference: {fileID: 0}
    - target: {fileID: 4740219042604084, guid: 240150b7f05bd8744927ac8cff4eac37, type: 2}
      propertyPath: m_LocalRotation.y
      value: 0
      objectReference: {fileID: 0}
    - target: {fileID: 4740219042604084, guid: 240150b7f05bd8744927ac8cff4eac37, type: 2}
      propertyPath: m_LocalRotation.z
      value: 0
      objectReference: {fileID: 0}
    - target: {fileID: 4740219042604084, guid: 240150b7f05bd8744927ac8cff4eac37, type: 2}
      propertyPath: m_LocalRotation.w
      value: 1
      objectReference: {fileID: 0}
    - target: {fileID: 4740219042604084, guid: 240150b7f05bd8744927ac8cff4eac37, type: 2}
      propertyPath: m_RootOrder
      value: 3
      objectReference: {fileID: 0}
    - target: {fileID: 4740219042604084, guid: 240150b7f05bd8744927ac8cff4eac37, type: 2}
      propertyPath: m_LocalScale.x
      value: 104.90434
      objectReference: {fileID: 0}
    - target: {fileID: 4740219042604084, guid: 240150b7f05bd8744927ac8cff4eac37, type: 2}
      propertyPath: m_LocalScale.z
      value: 40.822704
      objectReference: {fileID: 0}
    - target: {fileID: 4740219042604084, guid: 240150b7f05bd8744927ac8cff4eac37, type: 2}
      propertyPath: m_LocalScale.y
      value: 30
      objectReference: {fileID: 0}
    m_RemovedComponents: []
  m_ParentPrefab: {fileID: 100100000, guid: 240150b7f05bd8744927ac8cff4eac37, type: 2}
  m_IsPrefabParent: 0
--- !u!4 &1340973659 stripped
Transform:
  m_PrefabParentObject: {fileID: 4212835736716226, guid: ec8f39bb5242a1c4e932b8acfcef0fde,
    type: 2}
  m_PrefabInternal: {fileID: 2137940531}
--- !u!1001 &1348558132
Prefab:
  m_ObjectHideFlags: 0
  serializedVersion: 2
  m_Modification:
    m_TransformParent: {fileID: 521238512}
    m_Modifications:
    - target: {fileID: 4212835736716226, guid: ec8f39bb5242a1c4e932b8acfcef0fde, type: 2}
      propertyPath: m_LocalPosition.x
      value: -14.5
      objectReference: {fileID: 0}
    - target: {fileID: 4212835736716226, guid: ec8f39bb5242a1c4e932b8acfcef0fde, type: 2}
      propertyPath: m_LocalPosition.y
      value: 2.1
      objectReference: {fileID: 0}
    - target: {fileID: 4212835736716226, guid: ec8f39bb5242a1c4e932b8acfcef0fde, type: 2}
      propertyPath: m_LocalPosition.z
      value: 0
      objectReference: {fileID: 0}
    - target: {fileID: 4212835736716226, guid: ec8f39bb5242a1c4e932b8acfcef0fde, type: 2}
      propertyPath: m_LocalRotation.x
      value: -0.023258135
      objectReference: {fileID: 0}
    - target: {fileID: 4212835736716226, guid: ec8f39bb5242a1c4e932b8acfcef0fde, type: 2}
      propertyPath: m_LocalRotation.y
      value: 0.0008711662
      objectReference: {fileID: 0}
    - target: {fileID: 4212835736716226, guid: ec8f39bb5242a1c4e932b8acfcef0fde, type: 2}
      propertyPath: m_LocalRotation.z
      value: -0.03733846
      objectReference: {fileID: 0}
    - target: {fileID: 4212835736716226, guid: ec8f39bb5242a1c4e932b8acfcef0fde, type: 2}
      propertyPath: m_LocalRotation.w
      value: 0.9990316
      objectReference: {fileID: 0}
    - target: {fileID: 4212835736716226, guid: ec8f39bb5242a1c4e932b8acfcef0fde, type: 2}
      propertyPath: m_RootOrder
      value: 4
      objectReference: {fileID: 0}
    - target: {fileID: 4212835736716226, guid: ec8f39bb5242a1c4e932b8acfcef0fde, type: 2}
      propertyPath: m_LocalScale.x
      value: 3.2448177
      objectReference: {fileID: 0}
    - target: {fileID: 4212835736716226, guid: ec8f39bb5242a1c4e932b8acfcef0fde, type: 2}
      propertyPath: m_LocalScale.y
      value: 9.981662
      objectReference: {fileID: 0}
    - target: {fileID: 1672706111354268, guid: ec8f39bb5242a1c4e932b8acfcef0fde, type: 2}
      propertyPath: m_Name
      value: Hazard (4)
      objectReference: {fileID: 0}
    - target: {fileID: 4212835736716226, guid: ec8f39bb5242a1c4e932b8acfcef0fde, type: 2}
      propertyPath: m_LocalEulerAnglesHint.z
      value: -4.2850003
      objectReference: {fileID: 0}
    - target: {fileID: 4212835736716226, guid: ec8f39bb5242a1c4e932b8acfcef0fde, type: 2}
      propertyPath: m_LocalScale.z
      value: 5.4832697
      objectReference: {fileID: 0}
    - target: {fileID: 4212835736716226, guid: ec8f39bb5242a1c4e932b8acfcef0fde, type: 2}
      propertyPath: m_LocalEulerAnglesHint.x
      value: -2.66
      objectReference: {fileID: 0}
    - target: {fileID: 4212835736716226, guid: ec8f39bb5242a1c4e932b8acfcef0fde, type: 2}
      propertyPath: m_LocalEulerAnglesHint.y
      value: 0.19900002
      objectReference: {fileID: 0}
    m_RemovedComponents: []
  m_ParentPrefab: {fileID: 100100000, guid: ec8f39bb5242a1c4e932b8acfcef0fde, type: 2}
  m_IsPrefabParent: 0
--- !u!1001 &1579474165
Prefab:
  m_ObjectHideFlags: 0
  serializedVersion: 2
  m_Modification:
    m_TransformParent: {fileID: 0}
    m_Modifications:
    - target: {fileID: 4958033919417310, guid: f936ef6ef8988ef4fbeaa0bf66a60636, type: 2}
      propertyPath: m_LocalPosition.x
      value: -24.11
      objectReference: {fileID: 0}
    - target: {fileID: 4958033919417310, guid: f936ef6ef8988ef4fbeaa0bf66a60636, type: 2}
      propertyPath: m_LocalPosition.y
      value: 4.9
      objectReference: {fileID: 0}
    - target: {fileID: 4958033919417310, guid: f936ef6ef8988ef4fbeaa0bf66a60636, type: 2}
      propertyPath: m_LocalPosition.z
      value: 0
      objectReference: {fileID: 0}
    - target: {fileID: 4958033919417310, guid: f936ef6ef8988ef4fbeaa0bf66a60636, type: 2}
      propertyPath: m_LocalRotation.x
      value: 0
      objectReference: {fileID: 0}
    - target: {fileID: 4958033919417310, guid: f936ef6ef8988ef4fbeaa0bf66a60636, type: 2}
      propertyPath: m_LocalRotation.y
      value: 0
      objectReference: {fileID: 0}
    - target: {fileID: 4958033919417310, guid: f936ef6ef8988ef4fbeaa0bf66a60636, type: 2}
      propertyPath: m_LocalRotation.z
      value: 0
      objectReference: {fileID: 0}
    - target: {fileID: 4958033919417310, guid: f936ef6ef8988ef4fbeaa0bf66a60636, type: 2}
      propertyPath: m_LocalRotation.w
      value: 1
      objectReference: {fileID: 0}
    - target: {fileID: 4958033919417310, guid: f936ef6ef8988ef4fbeaa0bf66a60636, type: 2}
      propertyPath: m_RootOrder
      value: 2
      objectReference: {fileID: 0}
    - target: {fileID: 4958033919417310, guid: f936ef6ef8988ef4fbeaa0bf66a60636, type: 2}
      propertyPath: m_LocalScale.x
      value: 5
      objectReference: {fileID: 0}
    - target: {fileID: 4958033919417310, guid: f936ef6ef8988ef4fbeaa0bf66a60636, type: 2}
      propertyPath: m_LocalScale.z
      value: 5
      objectReference: {fileID: 0}
    m_RemovedComponents: []
  m_ParentPrefab: {fileID: 100100000, guid: f936ef6ef8988ef4fbeaa0bf66a60636, type: 2}
  m_IsPrefabParent: 0
--- !u!114 &1580527792 stripped
MonoBehaviour:
  m_PrefabParentObject: {fileID: 114579739674388252, guid: a255aa8d3d6fa6345be815c9ca1ae891,
    type: 2}
  m_PrefabInternal: {fileID: 622243765}
  m_Script: {fileID: 708705254, guid: f70555f144d8491a825f0804e09c671c, type: 3}
--- !u!1001 &1596285945
Prefab:
  m_ObjectHideFlags: 0
  serializedVersion: 2
  m_Modification:
    m_TransformParent: {fileID: 521238512}
    m_Modifications:
    - target: {fileID: 4212835736716226, guid: ec8f39bb5242a1c4e932b8acfcef0fde, type: 2}
      propertyPath: m_LocalPosition.x
      value: -4.54
      objectReference: {fileID: 0}
    - target: {fileID: 4212835736716226, guid: ec8f39bb5242a1c4e932b8acfcef0fde, type: 2}
      propertyPath: m_LocalPosition.y
      value: 0.11
      objectReference: {fileID: 0}
    - target: {fileID: 4212835736716226, guid: ec8f39bb5242a1c4e932b8acfcef0fde, type: 2}
      propertyPath: m_LocalPosition.z
      value: 0
      objectReference: {fileID: 0}
    - target: {fileID: 4212835736716226, guid: ec8f39bb5242a1c4e932b8acfcef0fde, type: 2}
      propertyPath: m_LocalRotation.x
      value: -0.070901066
      objectReference: {fileID: 0}
    - target: {fileID: 4212835736716226, guid: ec8f39bb5242a1c4e932b8acfcef0fde, type: 2}
      propertyPath: m_LocalRotation.y
      value: -0.056910567
      objectReference: {fileID: 0}
    - target: {fileID: 4212835736716226, guid: ec8f39bb5242a1c4e932b8acfcef0fde, type: 2}
      propertyPath: m_LocalRotation.z
      value: 0.77662015
      objectReference: {fileID: 0}
    - target: {fileID: 4212835736716226, guid: ec8f39bb5242a1c4e932b8acfcef0fde, type: 2}
      propertyPath: m_LocalRotation.w
      value: 0.62337416
      objectReference: {fileID: 0}
    - target: {fileID: 4212835736716226, guid: ec8f39bb5242a1c4e932b8acfcef0fde, type: 2}
      propertyPath: m_RootOrder
      value: 7
      objectReference: {fileID: 0}
    - target: {fileID: 4212835736716226, guid: ec8f39bb5242a1c4e932b8acfcef0fde, type: 2}
      propertyPath: m_LocalScale.x
      value: 3.2448204
      objectReference: {fileID: 0}
    - target: {fileID: 4212835736716226, guid: ec8f39bb5242a1c4e932b8acfcef0fde, type: 2}
      propertyPath: m_LocalScale.y
      value: 9.98166
      objectReference: {fileID: 0}
    - target: {fileID: 1672706111354268, guid: ec8f39bb5242a1c4e932b8acfcef0fde, type: 2}
      propertyPath: m_Name
      value: Hazard (7)
      objectReference: {fileID: 0}
    - target: {fileID: 4212835736716226, guid: ec8f39bb5242a1c4e932b8acfcef0fde, type: 2}
      propertyPath: m_LocalEulerAnglesHint.z
      value: 102.494
      objectReference: {fileID: 0}
    - target: {fileID: 4212835736716226, guid: ec8f39bb5242a1c4e932b8acfcef0fde, type: 2}
      propertyPath: m_LocalScale.z
      value: 5.4832697
      objectReference: {fileID: 0}
    - target: {fileID: 4212835736716226, guid: ec8f39bb5242a1c4e932b8acfcef0fde, type: 2}
      propertyPath: m_LocalEulerAnglesHint.y
      value: -10.433001
      objectReference: {fileID: 0}
    m_RemovedComponents: []
  m_ParentPrefab: {fileID: 100100000, guid: ec8f39bb5242a1c4e932b8acfcef0fde, type: 2}
  m_IsPrefabParent: 0
--- !u!4 &1640106674 stripped
Transform:
  m_PrefabParentObject: {fileID: 4212835736716226, guid: ec8f39bb5242a1c4e932b8acfcef0fde,
    type: 2}
  m_PrefabInternal: {fileID: 1914777431}
--- !u!108 &1762573610 stripped
Light:
  m_PrefabParentObject: {fileID: 108527708252006308, guid: d81d3d526c6defc4abc67a2521a147a8,
    type: 2}
  m_PrefabInternal: {fileID: 2078622161}
--- !u!1001 &1914777431
Prefab:
  m_ObjectHideFlags: 0
  serializedVersion: 2
  m_Modification:
    m_TransformParent: {fileID: 521238512}
    m_Modifications:
    - target: {fileID: 4212835736716226, guid: ec8f39bb5242a1c4e932b8acfcef0fde, type: 2}
      propertyPath: m_LocalPosition.x
      value: -31.6
      objectReference: {fileID: 0}
    - target: {fileID: 4212835736716226, guid: ec8f39bb5242a1c4e932b8acfcef0fde, type: 2}
      propertyPath: m_LocalPosition.y
      value: 4.38
      objectReference: {fileID: 0}
    - target: {fileID: 4212835736716226, guid: ec8f39bb5242a1c4e932b8acfcef0fde, type: 2}
      propertyPath: m_LocalPosition.z
      value: 0
      objectReference: {fileID: 0}
    - target: {fileID: 4212835736716226, guid: ec8f39bb5242a1c4e932b8acfcef0fde, type: 2}
      propertyPath: m_LocalRotation.x
      value: -0
      objectReference: {fileID: 0}
    - target: {fileID: 4212835736716226, guid: ec8f39bb5242a1c4e932b8acfcef0fde, type: 2}
      propertyPath: m_LocalRotation.y
      value: -0
      objectReference: {fileID: 0}
    - target: {fileID: 4212835736716226, guid: ec8f39bb5242a1c4e932b8acfcef0fde, type: 2}
      propertyPath: m_LocalRotation.z
      value: -0
      objectReference: {fileID: 0}
    - target: {fileID: 4212835736716226, guid: ec8f39bb5242a1c4e932b8acfcef0fde, type: 2}
      propertyPath: m_LocalRotation.w
      value: 1
      objectReference: {fileID: 0}
    - target: {fileID: 4212835736716226, guid: ec8f39bb5242a1c4e932b8acfcef0fde, type: 2}
      propertyPath: m_RootOrder
      value: 0
      objectReference: {fileID: 0}
    - target: {fileID: 4212835736716226, guid: ec8f39bb5242a1c4e932b8acfcef0fde, type: 2}
      propertyPath: m_LocalScale.x
      value: 2.3557386
      objectReference: {fileID: 0}
    - target: {fileID: 4212835736716226, guid: ec8f39bb5242a1c4e932b8acfcef0fde, type: 2}
      propertyPath: m_LocalScale.y
      value: 44.05651
      objectReference: {fileID: 0}
    m_RemovedComponents: []
  m_ParentPrefab: {fileID: 100100000, guid: ec8f39bb5242a1c4e932b8acfcef0fde, type: 2}
  m_IsPrefabParent: 0
--- !u!4 &1934861919 stripped
Transform:
  m_PrefabParentObject: {fileID: 4212835736716226, guid: ec8f39bb5242a1c4e932b8acfcef0fde,
    type: 2}
  m_PrefabInternal: {fileID: 322084442}
--- !u!1001 &1936010850
Prefab:
  m_ObjectHideFlags: 0
  serializedVersion: 2
  m_Modification:
    m_TransformParent: {fileID: 0}
    m_Modifications:
    - target: {fileID: 4246146266328634, guid: 84cab966c3ac57546b7d6412a26c06c0, type: 2}
      propertyPath: m_LocalPosition.x
      value: 23.73127
      objectReference: {fileID: 0}
    - target: {fileID: 4246146266328634, guid: 84cab966c3ac57546b7d6412a26c06c0, type: 2}
      propertyPath: m_LocalPosition.y
      value: 8.3
      objectReference: {fileID: 0}
    - target: {fileID: 4246146266328634, guid: 84cab966c3ac57546b7d6412a26c06c0, type: 2}
      propertyPath: m_LocalPosition.z
      value: 0
      objectReference: {fileID: 0}
    - target: {fileID: 4246146266328634, guid: 84cab966c3ac57546b7d6412a26c06c0, type: 2}
      propertyPath: m_LocalRotation.x
      value: 0
      objectReference: {fileID: 0}
    - target: {fileID: 4246146266328634, guid: 84cab966c3ac57546b7d6412a26c06c0, type: 2}
      propertyPath: m_LocalRotation.y
      value: 0
      objectReference: {fileID: 0}
    - target: {fileID: 4246146266328634, guid: 84cab966c3ac57546b7d6412a26c06c0, type: 2}
      propertyPath: m_LocalRotation.z
      value: 0
      objectReference: {fileID: 0}
    - target: {fileID: 4246146266328634, guid: 84cab966c3ac57546b7d6412a26c06c0, type: 2}
      propertyPath: m_LocalRotation.w
      value: 1
      objectReference: {fileID: 0}
    - target: {fileID: 4246146266328634, guid: 84cab966c3ac57546b7d6412a26c06c0, type: 2}
      propertyPath: m_RootOrder
      value: 5
      objectReference: {fileID: 0}
    m_RemovedComponents: []
  m_ParentPrefab: {fileID: 100100000, guid: 84cab966c3ac57546b7d6412a26c06c0, type: 2}
  m_IsPrefabParent: 0
--- !u!1001 &1957439577
Prefab:
  m_ObjectHideFlags: 0
  serializedVersion: 2
  m_Modification:
    m_TransformParent: {fileID: 521238512}
    m_Modifications:
    - target: {fileID: 4212835736716226, guid: ec8f39bb5242a1c4e932b8acfcef0fde, type: 2}
      propertyPath: m_LocalPosition.x
      value: -11.98
      objectReference: {fileID: 0}
    - target: {fileID: 4212835736716226, guid: ec8f39bb5242a1c4e932b8acfcef0fde, type: 2}
      propertyPath: m_LocalPosition.y
      value: 2.1
      objectReference: {fileID: 0}
    - target: {fileID: 4212835736716226, guid: ec8f39bb5242a1c4e932b8acfcef0fde, type: 2}
      propertyPath: m_LocalPosition.z
      value: 0
      objectReference: {fileID: 0}
    - target: {fileID: 4212835736716226, guid: ec8f39bb5242a1c4e932b8acfcef0fde, type: 2}
      propertyPath: m_LocalRotation.x
      value: -0
      objectReference: {fileID: 0}
    - target: {fileID: 4212835736716226, guid: ec8f39bb5242a1c4e932b8acfcef0fde, type: 2}
      propertyPath: m_LocalRotation.y
      value: -0
      objectReference: {fileID: 0}
    - target: {fileID: 4212835736716226, guid: ec8f39bb5242a1c4e932b8acfcef0fde, type: 2}
      propertyPath: m_LocalRotation.z
      value: 0.25976166
      objectReference: {fileID: 0}
    - target: {fileID: 4212835736716226, guid: ec8f39bb5242a1c4e932b8acfcef0fde, type: 2}
      propertyPath: m_LocalRotation.w
      value: 0.96567285
      objectReference: {fileID: 0}
    - target: {fileID: 4212835736716226, guid: ec8f39bb5242a1c4e932b8acfcef0fde, type: 2}
      propertyPath: m_RootOrder
      value: 5
      objectReference: {fileID: 0}
    - target: {fileID: 4212835736716226, guid: ec8f39bb5242a1c4e932b8acfcef0fde, type: 2}
      propertyPath: m_LocalScale.x
      value: 3.2448199
      objectReference: {fileID: 0}
    - target: {fileID: 4212835736716226, guid: ec8f39bb5242a1c4e932b8acfcef0fde, type: 2}
      propertyPath: m_LocalScale.y
      value: 9.98166
      objectReference: {fileID: 0}
    - target: {fileID: 1672706111354268, guid: ec8f39bb5242a1c4e932b8acfcef0fde, type: 2}
      propertyPath: m_Name
      value: Hazard (5)
      objectReference: {fileID: 0}
    - target: {fileID: 4212835736716226, guid: ec8f39bb5242a1c4e932b8acfcef0fde, type: 2}
      propertyPath: m_LocalEulerAnglesHint.z
      value: 30.112001
      objectReference: {fileID: 0}
    - target: {fileID: 4212835736716226, guid: ec8f39bb5242a1c4e932b8acfcef0fde, type: 2}
      propertyPath: m_LocalScale.z
      value: 5.4832697
      objectReference: {fileID: 0}
    m_RemovedComponents: []
  m_ParentPrefab: {fileID: 100100000, guid: ec8f39bb5242a1c4e932b8acfcef0fde, type: 2}
  m_IsPrefabParent: 0
--- !u!1001 &1963468491
Prefab:
  m_ObjectHideFlags: 0
  serializedVersion: 2
  m_Modification:
    m_TransformParent: {fileID: 521238512}
    m_Modifications:
    - target: {fileID: 4212835736716226, guid: ec8f39bb5242a1c4e932b8acfcef0fde, type: 2}
      propertyPath: m_LocalPosition.x
      value: 32.73
      objectReference: {fileID: 0}
    - target: {fileID: 4212835736716226, guid: ec8f39bb5242a1c4e932b8acfcef0fde, type: 2}
      propertyPath: m_LocalPosition.y
      value: 17.71
      objectReference: {fileID: 0}
    - target: {fileID: 4212835736716226, guid: ec8f39bb5242a1c4e932b8acfcef0fde, type: 2}
      propertyPath: m_LocalPosition.z
      value: 0
      objectReference: {fileID: 0}
    - target: {fileID: 4212835736716226, guid: ec8f39bb5242a1c4e932b8acfcef0fde, type: 2}
      propertyPath: m_LocalRotation.x
      value: -0
      objectReference: {fileID: 0}
    - target: {fileID: 4212835736716226, guid: ec8f39bb5242a1c4e932b8acfcef0fde, type: 2}
      propertyPath: m_LocalRotation.y
      value: -0
      objectReference: {fileID: 0}
    - target: {fileID: 4212835736716226, guid: ec8f39bb5242a1c4e932b8acfcef0fde, type: 2}
      propertyPath: m_LocalRotation.z
      value: 0.23255718
      objectReference: {fileID: 0}
    - target: {fileID: 4212835736716226, guid: ec8f39bb5242a1c4e932b8acfcef0fde, type: 2}
      propertyPath: m_LocalRotation.w
      value: 0.97258276
      objectReference: {fileID: 0}
    - target: {fileID: 4212835736716226, guid: ec8f39bb5242a1c4e932b8acfcef0fde, type: 2}
      propertyPath: m_RootOrder
      value: 8
      objectReference: {fileID: 0}
    - target: {fileID: 4212835736716226, guid: ec8f39bb5242a1c4e932b8acfcef0fde, type: 2}
      propertyPath: m_LocalScale.x
      value: 1.9802212
      objectReference: {fileID: 0}
    - target: {fileID: 4212835736716226, guid: ec8f39bb5242a1c4e932b8acfcef0fde, type: 2}
      propertyPath: m_LocalScale.y
      value: 5.804764
      objectReference: {fileID: 0}
    - target: {fileID: 1672706111354268, guid: ec8f39bb5242a1c4e932b8acfcef0fde, type: 2}
      propertyPath: m_Name
      value: Hazard (8)
      objectReference: {fileID: 0}
    - target: {fileID: 4212835736716226, guid: ec8f39bb5242a1c4e932b8acfcef0fde, type: 2}
      propertyPath: m_LocalEulerAnglesHint.z
      value: 26.895
      objectReference: {fileID: 0}
    - target: {fileID: 4212835736716226, guid: ec8f39bb5242a1c4e932b8acfcef0fde, type: 2}
      propertyPath: m_LocalScale.z
      value: 5.4832697
      objectReference: {fileID: 0}
    m_RemovedComponents: []
  m_ParentPrefab: {fileID: 100100000, guid: ec8f39bb5242a1c4e932b8acfcef0fde, type: 2}
  m_IsPrefabParent: 0
--- !u!1001 &2078622161
Prefab:
  m_ObjectHideFlags: 0
  serializedVersion: 2
  m_Modification:
    m_TransformParent: {fileID: 0}
    m_Modifications:
    - target: {fileID: 4992010514120656, guid: d81d3d526c6defc4abc67a2521a147a8, type: 2}
      propertyPath: m_LocalPosition.x
      value: 32.4
      objectReference: {fileID: 0}
    - target: {fileID: 4992010514120656, guid: d81d3d526c6defc4abc67a2521a147a8, type: 2}
      propertyPath: m_LocalPosition.y
      value: 32.1
      objectReference: {fileID: 0}
    - target: {fileID: 4992010514120656, guid: d81d3d526c6defc4abc67a2521a147a8, type: 2}
      propertyPath: m_LocalPosition.z
      value: -30.9
      objectReference: {fileID: 0}
    - target: {fileID: 4992010514120656, guid: d81d3d526c6defc4abc67a2521a147a8, type: 2}
      propertyPath: m_LocalRotation.x
      value: -0.046227433
      objectReference: {fileID: 0}
    - target: {fileID: 4992010514120656, guid: d81d3d526c6defc4abc67a2521a147a8, type: 2}
      propertyPath: m_LocalRotation.y
      value: -0.55382824
      objectReference: {fileID: 0}
    - target: {fileID: 4992010514120656, guid: d81d3d526c6defc4abc67a2521a147a8, type: 2}
      propertyPath: m_LocalRotation.z
      value: 0.4270176
      objectReference: {fileID: 0}
    - target: {fileID: 4992010514120656, guid: d81d3d526c6defc4abc67a2521a147a8, type: 2}
      propertyPath: m_LocalRotation.w
      value: 0.71329755
      objectReference: {fileID: 0}
    - target: {fileID: 4992010514120656, guid: d81d3d526c6defc4abc67a2521a147a8, type: 2}
      propertyPath: m_RootOrder
      value: 1
      objectReference: {fileID: 0}
    - target: {fileID: 1608485024824352, guid: d81d3d526c6defc4abc67a2521a147a8, type: 2}
      propertyPath: m_IsActive
      value: 1
      objectReference: {fileID: 0}
    m_RemovedComponents: []
  m_ParentPrefab: {fileID: 100100000, guid: d81d3d526c6defc4abc67a2521a147a8, type: 2}
  m_IsPrefabParent: 0
--- !u!1 &2081392674
GameObject:
  m_ObjectHideFlags: 0
  m_PrefabParentObject: {fileID: 0}
  m_PrefabInternal: {fileID: 0}
  serializedVersion: 5
  m_Component:
  - component: {fileID: 2081392676}
  - component: {fileID: 2081392675}
  m_Layer: 0
  m_Name: Wind-Ambiance
  m_TagString: Untagged
  m_Icon: {fileID: 0}
  m_NavMeshLayer: 0
  m_StaticEditorFlags: 0
  m_IsActive: 1
--- !u!82 &2081392675
AudioSource:
  m_ObjectHideFlags: 0
  m_PrefabParentObject: {fileID: 0}
  m_PrefabInternal: {fileID: 0}
  m_GameObject: {fileID: 2081392674}
  m_Enabled: 1
  serializedVersion: 4
  OutputAudioMixerGroup: {fileID: 0}
  m_audioClip: {fileID: 8300000, guid: 63198722cbbec5c4ca66a8029d0bd36e, type: 3}
  m_PlayOnAwake: 1
  m_Volume: 1
  m_Pitch: 1
  Loop: 1
  Mute: 0
  Spatialize: 0
  SpatializePostEffects: 0
  Priority: 128
  DopplerLevel: 1
  MinDistance: 1
  MaxDistance: 500
  Pan2D: 0
  rolloffMode: 0
  BypassEffects: 0
  BypassListenerEffects: 0
  BypassReverbZones: 0
  rolloffCustomCurve:
    serializedVersion: 2
    m_Curve:
    - serializedVersion: 2
      time: 0
      value: 1
      inSlope: 0
      outSlope: 0
      tangentMode: 0
    - serializedVersion: 2
      time: 1
      value: 0
      inSlope: 0
      outSlope: 0
      tangentMode: 0
    m_PreInfinity: 2
    m_PostInfinity: 2
    m_RotationOrder: 4
  panLevelCustomCurve:
    serializedVersion: 2
    m_Curve:
    - serializedVersion: 2
      time: 0
      value: 0
      inSlope: 0
      outSlope: 0
      tangentMode: 0
    m_PreInfinity: 2
    m_PostInfinity: 2
    m_RotationOrder: 0
  spreadCustomCurve:
    serializedVersion: 2
    m_Curve:
    - serializedVersion: 2
      time: 0
      value: 0
      inSlope: 0
      outSlope: 0
      tangentMode: 0
    m_PreInfinity: 2
    m_PostInfinity: 2
    m_RotationOrder: 4
  reverbZoneMixCustomCurve:
    serializedVersion: 2
    m_Curve:
    - serializedVersion: 2
      time: 0
      value: 1
      inSlope: 0
      outSlope: 0
      tangentMode: 0
    m_PreInfinity: 2
    m_PostInfinity: 2
    m_RotationOrder: 0
--- !u!4 &2081392676
Transform:
  m_ObjectHideFlags: 0
  m_PrefabParentObject: {fileID: 0}
  m_PrefabInternal: {fileID: 0}
  m_GameObject: {fileID: 2081392674}
  m_LocalRotation: {x: 0, y: 0, z: 0, w: 1}
  m_LocalPosition: {x: 0, y: 0, z: 0}
  m_LocalScale: {x: 1, y: 1, z: 1}
  m_Children: []
  m_Father: {fileID: 0}
  m_RootOrder: 8
  m_LocalEulerAnglesHint: {x: 0, y: 0, z: 0}
--- !u!1001 &2137940531
Prefab:
  m_ObjectHideFlags: 0
  serializedVersion: 2
  m_Modification:
    m_TransformParent: {fileID: 521238512}
    m_Modifications:
    - target: {fileID: 4212835736716226, guid: ec8f39bb5242a1c4e932b8acfcef0fde, type: 2}
      propertyPath: m_LocalPosition.x
      value: -22.19
      objectReference: {fileID: 0}
    - target: {fileID: 4212835736716226, guid: ec8f39bb5242a1c4e932b8acfcef0fde, type: 2}
      propertyPath: m_LocalPosition.y
      value: 0.73
      objectReference: {fileID: 0}
    - target: {fileID: 4212835736716226, guid: ec8f39bb5242a1c4e932b8acfcef0fde, type: 2}
      propertyPath: m_LocalPosition.z
      value: 0.48
      objectReference: {fileID: 0}
    - target: {fileID: 4212835736716226, guid: ec8f39bb5242a1c4e932b8acfcef0fde, type: 2}
      propertyPath: m_LocalRotation.x
      value: -0.05715005
      objectReference: {fileID: 0}
    - target: {fileID: 4212835736716226, guid: ec8f39bb5242a1c4e932b8acfcef0fde, type: 2}
      propertyPath: m_LocalRotation.y
      value: -0.05834488
      objectReference: {fileID: 0}
    - target: {fileID: 4212835736716226, guid: ec8f39bb5242a1c4e932b8acfcef0fde, type: 2}
      propertyPath: m_LocalRotation.z
      value: 0.6875501
      objectReference: {fileID: 0}
    - target: {fileID: 4212835736716226, guid: ec8f39bb5242a1c4e932b8acfcef0fde, type: 2}
      propertyPath: m_LocalRotation.w
      value: 0.72152936
      objectReference: {fileID: 0}
    - target: {fileID: 4212835736716226, guid: ec8f39bb5242a1c4e932b8acfcef0fde, type: 2}
      propertyPath: m_RootOrder
      value: 12
      objectReference: {fileID: 0}
    - target: {fileID: 4212835736716226, guid: ec8f39bb5242a1c4e932b8acfcef0fde, type: 2}
      propertyPath: m_LocalScale.x
      value: 2.2166655
      objectReference: {fileID: 0}
    - target: {fileID: 4212835736716226, guid: ec8f39bb5242a1c4e932b8acfcef0fde, type: 2}
      propertyPath: m_LocalScale.y
      value: 15.121321
      objectReference: {fileID: 0}
    - target: {fileID: 1672706111354268, guid: ec8f39bb5242a1c4e932b8acfcef0fde, type: 2}
      propertyPath: m_Name
      value: Hazard (12)
      objectReference: {fileID: 0}
    - target: {fileID: 4212835736716226, guid: ec8f39bb5242a1c4e932b8acfcef0fde, type: 2}
      propertyPath: m_LocalEulerAnglesHint.z
      value: 87.248
      objectReference: {fileID: 0}
    - target: {fileID: 4212835736716226, guid: ec8f39bb5242a1c4e932b8acfcef0fde, type: 2}
      propertyPath: m_LocalScale.z
      value: 5.4832706
      objectReference: {fileID: 0}
    - target: {fileID: 4212835736716226, guid: ec8f39bb5242a1c4e932b8acfcef0fde, type: 2}
      propertyPath: m_LocalEulerAnglesHint.x
      value: -0.128
      objectReference: {fileID: 0}
    - target: {fileID: 4212835736716226, guid: ec8f39bb5242a1c4e932b8acfcef0fde, type: 2}
      propertyPath: m_LocalEulerAnglesHint.y
      value: -9.368
      objectReference: {fileID: 0}
    m_RemovedComponents: []
  m_ParentPrefab: {fileID: 100100000, guid: ec8f39bb5242a1c4e932b8acfcef0fde, type: 2}
  m_IsPrefabParent: 0
